@book{bird_2010,
	title        = {Pearls of Functional Algorithm Design},
	author       = {Bird, Richard},
	year         = 2010,
	publisher    = {Cambridge University Press},
	doi          = {10.1017/CBO9780511763199},
	place        = {Cambridge}
}
